@misc{glisc,
	author={{Grey Literature International Steering Committee}},
	title={{GLISC}},
	month={oct},
	year={2014},
        url={url},
	note = "[Online; acedido em Outubro 2014]"
}

